<?xml version="1.0" encoding="UTF-8"?><collection xmlns="http://www.loc.gov/MARC21/slim"><record><leader>00349nam--2200133-i-4500</leader><controlfield tag="001">000003923</controlfield><controlfield tag="002">20161230</controlfield><controlfield tag="005">20161230201025</controlfield><controlfield tag="008">060222s1000------------r-----000-0-eng-d</controlfield><datafield ind1=" " ind2=" " tag="080"><subfield code="a">621</subfield></datafield><datafield ind1=" " ind2=" " tag="100"><subfield code="a">Aronovici, M.A</subfield></datafield><datafield ind1=" " ind2=" " tag="245"><subfield code="a">Organizarea lucrului pe banda la o uzina constructoare de masini</subfield></datafield><datafield ind1=" " ind2=" " tag="260"><subfield code="a">Bucuresti, I.D.T., 1950 112 P</subfield></datafield><datafield ind1=" " ind2=" " tag="852"><subfield code="a">26822</subfield></datafield></record></collection>